@techreport{krawczyk2010hmac,
  title={HMAC-based extract-and-expand key derivation function (HKDF)},
  author={Krawczyk, Hugo and Eronen, Pasi},
  year={2010}
}

@inproceedings{muralidharan2019interplanetary,
  title={An InterPlanetary file system (IPFS) based IoT framework},
  author={Muralidharan, Shapna and Ko, Heedong},
  booktitle={2019 IEEE international conference on consumer electronics (ICCE)},
  pages={1--2},
  year={2019},
  organization={IEEE}
}

@article{palatinus2013mnemonic,
  title={Mnemonic code for generating deterministic keys},
  author={Palatinus, Marek and Rusnak, Pavol and Voisine, Aaron and Bowe, Sean},
  journal={Online at https://github.com/bitcoin/bips/blob/master/bip-0039.mediawiki},
  year={2013}
}

@article{azar2022financial,
  title={The Financial Stability Implications of Digital Assets},
  author={Azar, Pablo D and Baughman, Garth and Carapella, Francesca and Gerszten, Jacob and Lubis, Arazi and Perez-Sangimino, JP and Rappoport, David E and Scotti, Chiara and Swem, Nathan and Vardoulakis, Alexandros and others},
  year={2022}
}

@inproceedings{gotzfried2017cache,
  title={Cache attacks on Intel SGX},
  author={G{\"o}tzfried, Johannes and Eckert, Moritz and Schinzel, Sebastian and M{\"u}ller, Tilo},
  booktitle={Proceedings of the 10th European Workshop on Systems Security},
  pages={1--6},
  year={2017}
}

@article{nilsson2020survey,
  title={A survey of published attacks on Intel SGX},
  author={Nilsson, Alexander and Bideh, Pegah Nikbakht and Brorsson, Joakim},
  journal={arXiv preprint arXiv:2006.13598},
  year={2020}
}

@inproceedings{murdock2020plundervolt,
  title={Plundervolt: Software-based fault injection attacks against Intel SGX},
  author={Murdock, Kit and Oswald, David and Garcia, Flavio D and Van Bulck, Jo and Gruss, Daniel and Piessens, Frank},
  booktitle={2020 IEEE Symposium on Security and Privacy (SP)},
  pages={1466--1482},
  year={2020},
  organization={IEEE}
}

@inproceedings{biondo2018guard,
  title={The Guard's Dilemma: Efficient $\{$Code-Reuse$\}$ Attacks Against Intel $\{$SGX$\}$},
  author={Biondo, Andrea and Conti, Mauro and Davi, Lucas and Frassetto, Tommaso and Sadeghi, Ahmad-Reza},
  booktitle={27th USENIX Security Symposium (USENIX Security 18)},
  pages={1213--1227},
  year={2018}
}




@article{mckeen2013innovative,
  title={Innovative instructions and software model for isolated execution.},
  author={McKeen, Frank and Alexandrovich, Ilya and Berenzon, Alex and Rozas, Carlos V and Shafi, Hisham and Shanbhogue, Vedvyas and Savagaonkar, Uday R},
  journal={Hasp@ isca},
  volume={10},
  number={1},
  year={2013}
}

@inproceedings{bernstein2006curve25519,
  title={Curve25519: new Diffie-Hellman speed records},
  author={Bernstein, Daniel J},
  booktitle={International Workshop on Public Key Cryptography},
  pages={207--228},
  year={2006},
  organization={Springer}
}

@incollection{diffie2022new,
  title={New directions in cryptography},
  author={Diffie, Whitfield and Hellman, Martin E},
  booktitle={Democratizing Cryptography: The Work of Whitfield Diffie and Martin Hellman},
  pages={365--390},
  year={2022}
}

@inproceedings{li2014emperor,
  title={The $\{$Emperorâ€™s$\}$ New Password Manager: Security Analysis of Web-based Password Managers},
  author={Li, Zhiwei and He, Warren and Akhawe, Devdatta and Song, Dawn},
  booktitle={23rd USENIX Security Symposium (USENIX Security 14)},
  pages={465--479},
  year={2014}
}

@inproceedings{voskobojnikov2021u,
  title={The U in crypto stands for usable: An empirical study of user experience with mobile cryptocurrency wallets},
  author={Voskobojnikov, Artemij and Wiese, Oliver and Mehrabi Koushki, Masoud and Roth, Volker and Beznosov, Konstantin},
  booktitle={Proceedings of the 2021 CHI Conference on Human Factors in Computing Systems},
  pages={1--14},
  year={2021}
}

@inproceedings{amrutiya2019trustless,
  title={Trustless two-factor authentication using smart contracts in blockchains},
  author={Amrutiya, Varun and Jhamb, Siddhant and Priyadarshi, Pranjal and Bhatia, Ashutosh},
  booktitle={2019 international conference on information networking (ICOIN)},
  pages={66--71},
  year={2019},
  organization={IEEE}
}

@inproceedings{rezaeighaleh2019new,
  title={New secure approach to backup cryptocurrency wallets},
  author={Rezaeighaleh, Hossein and Zou, Cliff C},
  booktitle={2019 IEEE Global Communications Conference (GLOBECOM)},
  pages={1--6},
  year={2019},
  organization={IEEE}
}

@article{buterin2017ethereum,
  title={Ethereum: a next generation smart contract and decentralized application platform (2013)},
  author={Buterin, Vitalik and others},
  journal={URL $\{$http://ethereum. org/ethereum. html$\}$},
  year={2017}
}

@inproceedings{zyskind2015decentralizing,
  title={Decentralizing privacy: Using blockchain to protect personal data},
  author={Zyskind, Guy and Nathan, Oz and others},
  booktitle={2015 IEEE Security and Privacy Workshops},
  pages={180--184},
  year={2015},
  organization={IEEE}
}

@article{shamir1979share,
  title={How to share a secret},
  author={Shamir, Adi},
  journal={Communications of the ACM},
  volume={22},
  number={11},
  pages={612--613},
  year={1979},
  publisher={ACm New York, NY, USA}
}

@article{wang2021non,
  title={Non-fungible token (NFT): Overview, evaluation, opportunities and challenges},
  author={Wang, Qin and Li, Rujia and Wang, Qi and Chen, Shiping},
  journal={arXiv preprint arXiv:2105.07447},
  year={2021}
}

@article{cai2018decentralized,
  title={Decentralized applications: The blockchain-empowered software system},
  author={Cai, Wei and Wang, Zehua and Ernst, Jason B and Hong, Zhen and Feng, Chen and Leung, Victor CM},
  journal={IEEE Access},
  volume={6},
  pages={53019--53033},
  year={2018},
  publisher={IEEE}
}




